@article{ha2018world,
  title={World models},
  author={Ha, David and Schmidhuber, J{\"u}rgen},
  journal={arXiv preprint arXiv:1803.10122},
  year={2018}
}

@misc{knuthwebsite,
    author    = "Donald Knuth",
    title     = "Knuth: Computers and Typesetting",
    url       = "http://www-cs-faculty.stanford.edu/\~{}uno/abcde.html"
}
@article{hochreiter1991untersuchungen,
  title={Untersuchungen zu dynamischen neuronalen Netzen},
  author={Hochreiter, Sepp},
  journal={Diploma, Technische Universit{\"a}t M{\"u}nchen},
  volume={91},
  number={1},
  year={1991}
}
